@article{bronnimann2000efficient,
  title={Efficient exact evaluation of signs of determinants},
  author={Br{\"o}nnimann, Herv{\'e} and Yvinec, Mariette},
  journal={Algorithmica},
  volume={27},
  number={1},
  pages={21--56},
  year={2000},
  publisher={Springer}
}

@book{shewchuk1996robust,
  title={Robust adaptive floating-point geometric predicates},
  author={Shewchuk, Johnathan Richard},
  booktitle={Proceedings of the twelfth annual symposium on Computational geometry},
  pages={141--150},
  year={1996},
  organization={ACM}
}

@book{schirra,
  title={Robustness and precision issues in geometric computation},
  author={Schirra, Stefan},
  year={1998},
  publisher={MPI Informatik, Bibliothek \& Dokumentation}
}


@book{de2000computational,
  title={Computational geometry},
  author={De Berg, Mark and Van Kreveld, Marc and Overmars, Mark and Schwarzkopf, Otfried Cheong},
  year={2000},
  publisher={Springer}
}

@book{VLegat,
  title={Methodes num√©riques},
  author={Vincent Legat},
  year={2012},
  publisher={SICI}
}


@online{robust,
author = {Jonathan Richard Shewchuk},
title = {Adaptive Precision Floating-Point Arithmetic and Fast Robust Predicates for Computational Geometry},
url = {http://www.cs.cmu.edu/~quake/robust.html},
}

@online{triangle,
author = {Jonathan Richard Shewchuk},
title = {Triangle},
url = {http://www.cs.cmu.edu/~quake/triangle.html},
}


@online{exactArithmetic,
author = {Jonathan Richard Shewchuk},
title = {Wikipedia, the free encyclopedia, Arbitrary-precision arithmetic},
url = {http://en.wikipedia.org/wiki/Arbitrary-precision_arithmetic},
}